@Panel{ECP2023,
  title = {Lessons Learned from Porting Codes to GPUs},
  venue = {ECP Annual Meeting},
  year  = {2023},
  day   = {19},
  month = jan,
  homeurl   = {https://1drv.ms/p/s!Aub-LzOy6dCviLoXRQKM9ScvERO3Mg?e=Ml7bYo},
}

@Panel{LDAV2020,
  title = {Technical Advances in the Era of Big Data Analysis and Visualization: Large-Scale Visualization on Exascale Hardware},
  venue = {Large Data Analysis and Visualization (LDAV)},
  year  = {2020},
  day   = {25},
  month = oct,
  homeurl   = {https://1drv.ms/p/s!Aub-LzOy6dCvgX9_B8QKqHlBmawv?e=zUz8dF},
}

@Panel{EGPGV2020,
  title = {How Ubiquitous Parallel Devices Affect Visualization},
  venue = {Eurographics Symposium on Parallel Graphics and Visualization (EGPGV)},
  year  = {2020},
  day   = {25},
  month = may,
  homeurl   = {https://1drv.ms/p/s!Aub-LzOy6dCvgXkX4dem9ePZlqNB?e=HGx71K},
}

@Panel{DOECGF2018,
  title = {10-year Prognostication and How Do We Get There?},
  venue = {DOE Computer Graphics Forum},
  year  = {2018},
  day   = {25},
  month = apr,
  homeurl   = {https://1drv.ms/p/s!Aub-LzOy6dCvgUfG1mrHzDH101BW},
}

@Panel{Vis2015,
  title = {Color Mapping in Vis: Perspectives on Optimal Solutions},
  venue = {IEEE Visualization},
  year  = {2015},
  month = oct,
  homeurl   = {https://1drv.ms/p/s!Aub-LzOy6dCvgWRculksAeq7VsGo},
}

@Comment{jabref-meta: databaseType:bibtex;}

@Comment{jabref-meta: saveOrderConfig:specified;year;true;month;true;day;true;title;false;}

@Comment{jabref-entrytype: panel: req[title;venue;year] opt[day;month;note;VideoURL;institution;SlidesURL]}
