@InProceedings{Maynard2013:poster,
  author    = {Robert Maynard and Kenneth Moreland and Utkarsh Ayachit and Berk Geveci and Kwan-Liu Ma},
  booktitle = {Optimizing Threshold for Extreme Scale Analysis},
  title     = {Proceedings of SPIE Visualization and Data Analysis},
  year      = {2013},
}

@InProceedings{Moreland2011:poster,
  author    = {Kenneth Moreland and Utkarsh Ayachit and Berk Geveci and Kwan-Liu Ma},
  booktitle = {Proceedings of SciDAC},
  title     = {Dax: Data Analysis at Extreme},
  year      = {2011},
  month     = jul,
}

@InProceedings{Peterka2010:poster,
  author    = {T Peterka and W Kendall and D Goodell and B Nouanesengsey and H-W Shen and J Huang and K Moreland and R Thakur and R B Ross},
  booktitle = {Proceedings of SciDAC},
  title     = {Performance of communication patterns for extreme-scale analysis and visualization},
  year      = {2010},
}

@Article{Moreland2008:poster,
  author  = {Kenneth Moreland and Daniel Lepage and David Koller and Greg Humphreys},
  journal = {Journal of Physics: Conference Series},
  title   = {Remote rendering for ultrascale data},
  year    = {2008},
  number  = {012096},
  volume  = {125},
}

@Comment{jabref-meta: databaseType:bibtex;}
