@Presentation{Moreland2025:HPSF,
  author = {Kenneth Moreland},
  title  = {Viskores Update},
  venue  = {HPSF Conference},
  year   = {2025},
  day    = {5},
  month  = may,
  url    = {https://1drv.ms/p/c/afd0e9b2332ffee6/EVQ97C_Pt_pLpnxp5Ura7QcBMoNWOckG0ud0kkTjekcFWg?e=0RJgXb},
}

@Presentation{Wang2025,
  author = {Zhe Wang and Kenneth Moreland and Matthew Larsen and James Kress and Hank Childs and David Pugmire},
  title  = {Parallelize Over Data Particle Advection: Participation, Ping Pong Particles, and Overhead},
  venue  = {DOE Computer Graphics Forum},
  year   = {2025},
  day    = {1},
  month  = may,
  url    = {https://1drv.ms/p/c/afd0e9b2332ffee6/ES9A8dJDwpFKoIjh6b8prd8BgUB1DVTWeuh5XQrBdO1TcA?e=KflQ8H},
}

@Presentation{Moreland2025:DOECGF:Viskores,
  author = {Kenneth Moreland},
  title  = {Viskores Update},
  venue  = {DOE Computer Graphics Forum},
  year   = {2025},
  day    = {29},
  month  = apr,
  url    = {https://1drv.ms/p/c/afd0e9b2332ffee6/Ef5UjR_CLVJOtuQyUoyUNuABN6ReVyXWCvuvyU8MEH4zng?e=Svaqug},
}

@Presentation{Moreland2025:ADIOS,
  author = {Kenneth Moreland and Qian Gong and Norbert Podhorszki},
  title  = {Compression Support with ADIOS},
  venue  = {Data-driven Plasma Science and Engineering Workshop},
  year   = {2025},
  day    = {27},
  month  = feb,
  url    = {https://1drv.ms/p/s!Aub-LzOy6dCviuksGbOKa9bqEc-SwQ?e=ppsvDX},
}

@Presentation{Moreland2024:BestPractice,
  author   = {Kenneth Moreland},
  title    = {Development of VTK-m During ECP},
  venue    = {HPC Best Practices Webinar},
  year     = {2024},
  day      = {25},
  month    = sep,
  videourl = {https://1drv.ms/v/s!Aub-LzOy6dCviuhsAOESPM-JOPGkVQ?e=DmOPbO},
  url      = {https://1drv.ms/p/s!Aub-LzOy6dCviuhrlJQTY3K2BwAPBw?e=BpDkLj},
}

@Presentation{Moreland2024:PVTut,
  author   = {Kenneth Moreland},
  title    = {ParaView on Frontier Training},
  year     = {2024},
  day      = {29},
  month    = aug,
  videourl = {https://vimeo.com/1004226604},
  url      = {https://kmorel.gitlab.io/pv-tutorial-olcf-2024/},
}

@Presentation{Moreland2024:CASS,
  author = {Kenneth Moreland},
  title  = {Using VTK-m in ParaView and Catalyst},
  venue  = {ParaView and Catalyst CASS Community BOF},
  year   = {2024},
  day    = {12},
  month  = jun,
  url    = {https://1drv.ms/p/s!Aub-LzOy6dCvitQHYKnbGNq-ncbn-A?e=hDTp6M},
}

@Presentation{Moreland2024:NASA,
  author = {Kenneth Moreland and Scott Klasky and Norbert Podhorszki and Qian Gong},
  title  = {Data Management, Workflow, and Visualization Solutions at ORNL},
  venue  = {Software for the NASA Science Mission Directorate Workshop},
  year   = {2024},
  day    = {8},
  month  = may,
  url    = {https://1drv.ms/p/s!Aub-LzOy6dCvitkBVVoVlP_LUB-o8g?e=6SFldb},
}

@Presentation{Moreland2024:DOECGF:VTKm,
  author = {Kenneth Moreland},
  title  = {VTK-m Update},
  venue  = {DOE Computer Graphics Forum},
  year   = {2024},
  day    = {23},
  month  = apr,
  url    = {https://1drv.ms/p/s!Aub-LzOy6dCvisV16t4b00pLldXmQw?e=PIFrU2},
}

@Presentation{Moreland2023:LDAV,
  author   = {Kenneth Moreland},
  title    = {Enabling Visualization at the Exascale with VTK-m},
  venue    = {IEEE Symposium on Large Data Analysis and Visualization (LDAV)},
  year     = {2023},
  day      = {23},
  month    = oct,
  note     = {Keynote},
  videourl = {https://1drv.ms/v/s!Aub-LzOy6dCvipBWyF98FipHoHIpuw?e=2ShLWC},
  url      = {https://1drv.ms/p/s!Aub-LzOy6dCvipBVJCFlsNT7fNRrOQ?e=Wg0Kxv},
}

@Presentation{Bolstad2023,
  author = {Mark Bolstad and Kenneth Moreland and David Pugmire and David Rogers and Li-Ta Lo and Berk Geveci and Hank Childs and Silvio Rizzi},
  title  = {VTK-m: Visualization for the Exascale Era and Beyond},
  venue  = {ACM SIGGRAPH 2023 Talks},
  year   = {2023},
  month  = aug,
  url    = {https://1drv.ms/p/s!Aub-LzOy6dCvitkBVVoVlP_LUB-o8g?e=WzUcRT},
}

@Presentation{Moreland2023:Color,
  author = {Kenneth Moreland},
  title  = {Color: What It Is and How to Use It to Show Data},
  venue  = {LANL Data Science Summer School Seminar},
  year   = {2023},
  day    = {18},
  month  = jul,
  institution = {Los Alamost National Laboratory},
  url    = {https://1drv.ms/p/s!Aub-LzOy6dCviPRUkpcy7hVBkJXzJQ},
}

@Presentation{Moreland2023:VTKmUpdate,
  author = {Kenneth Moreland},
  title  = {VTK-m Update},
  venue  = {DOE Computer Graphics Forum},
  year   = {2023},
  day    = {26},
  month  = apr,
  url    = {https://1drv.ms/p/s!Aub-LzOy6dCviPJUJ9wyUeAhY4YfTQ?e=b0smdB},
}

@Presentation{Moreland2023:VisTools,
  author = {Kenneth Moreland and David Pugmire},
  title  = {DOE Visualization Tools and Capabilities},
  venue  = {PSI2 SciDAC All-Hands},
  year   = {2023},
  day    = {22},
  month  = feb,
  url    = {https://1drv.ms/p/s!Aub-LzOy6dCviNVAqhkdKk5hX4r-mg?e=E5nMfy},
}

@Presentation{Moreland2023:Portability,
  author = {Kenneth Moreland},
  title  = {Performance Portability Pre-ECP and Post-ECP -- VTK-m},
  venue  = {ECP Annual Meeting},
  year   = {2023},
  day    = {19},
  month  = jan,
  url    = {https://1drv.ms/p/s!Aub-LzOy6dCviLoW5-F6rNazErmTfg?e=an5xSP},
}

@Presentation{Athawale2022:VTKmTutorial,
  author = {Tushar M. Athawale and Kenneth Moreland and David Pugmire and Silvio Rizzi and Mark Bolstad},
  title  = {VTK-m -- A ToolKit for Scientific Visualization on Many-Core Processors},
  venue  = {IEEE VIS Tutorials},
  year   = {2022},
  day    = {17},
  month  = oct,
  url    = {https://1drv.ms/p/s!Aub-LzOy6dCviOlOfPbdCVC8Nf25Jw?e=zojjY0},
}

@Presentation{Moreland2022:VisSC,
  author      = {Kenneth Moreland},
  title       = {Scientific Visualization on Supercomputers},
  venue       = {D\&AI Section All Hands Meeting},
  year        = {2022},
  day         = {21},
  institution = {Oak Ridge National Laboratory},
  month       = sep,
  url         = {https://1drv.ms/p/s!Aub-LzOy6dCviOlNV8N-Cqx0-RS3Bg?e=qwBORj},
}

@Presentation{Moreland2022:OLCFTut,
  author   = {Kenneth Moreland},
  title    = {ParaView OLCF Tutorial},
  year     = {2022},
  day      = {15},
  month    = sep,
  videourl = {https://vimeo.com/750382858},
  url      = {https://kmorel.gitlab.io/pv-tutorial-olcf-2022/},
}

@Presentation{Moreland2022:VTKmUpdate,
  author = {Kenneth Moreland},
  title  = {VTK-m Update},
  venue  = {DOE Computer Graphics Forum},
  year   = {2022},
  day    = {31},
  month  = aug,
  url    = {https://1drv.ms/p/s!Aub-LzOy6dCviIR0ZidK_JeMfTVOyw?e=63cKlK},
}

@Presentation{Moreland2022:ECP,
  author = {Kenneth Moreland},
  title  = {ECP Data Management, Data Analytics, and Visualization Overview: VTK-m},
  venue  = {ECP Annual Meeting},
  year   = {2022},
  day    = {2},
  month  = may,
  url    = {https://1drv.ms/p/s!Aub-LzOy6dCvh5IG-Cx15J4uVNDcAg?e=ZPEUka},
}

@Presentation{Moreland2022:SCI,
  author      = {Kenneth Moreland},
  title       = {VTK-m: Accelerating Visualization on Massively Threaded Processors},
  venue       = {SCI Institute Visualization Seminar},
  year        = {2022},
  day         = {2},
  institution = {University of Utah},
  month       = feb,
  url         = {https://1drv.ms/p/s!Aub-LzOy6dCviOo-P_bI8ZWDEKUz-g?e=e83r0v},
}

@Presentation{Moreland2021:VTKmOverview,
  author   = {Kenneth Moreland},
  title    = {VTK-m: What it is, Why we need it, and How to use it},
  year     = {2021},
  month    = nov,
  videourl = {https://1drv.ms/v/s!Aub-LzOy6dCvhp1NxBFNbcd7tATcEw?e=746Mpi},
  url      = {https://1drv.ms/p/s!Aub-LzOy6dCvhp1MFgmnGqzVHbV24g?e=9JAodi},
}

@Presentation{Moreland2021:Color,
  author      = {Kenneth Moreland},
  title       = {Color: What it is and How to Use It to Show Data},
  venue       = {VISTA Webinar},
  year        = {2021},
  day         = {9},
  institution = {Oak Ridge National Laboratory},
  month       = sep,
  videourl    = {https://web.microsoftstream.com/video/9b6da63a-9c88-4430-afe6-e3ebbed71835},
  url         = {https://1drv.ms/p/s!Aub-LzOy6dCvhoQHR5nfaoY9wOgSfQ?e=JdZhlw},
}

@Presentation{Moreland2021:RAPIDS,
  author = {Kenneth Moreland},
  title  = {Enabling Visualization on Exascale Accelerators with VTK-m},
  venue  = {RAPIDS2-DU Monthly Meeting},
  year   = {2021},
  day    = {14},
  month  = jul,
  url    = {https://1drv.ms/p/s!Aub-LzOy6dCvheMranvJSnqLcnb1dg?e=cZzn1Q},
}

@Presentation{Moreland2021:DOECGFVTKm,
  author = {Kenneth Moreland},
  title  = {VTK-m Update},
  venue  = {DOE Computer Graphics Forum},
  year   = {2021},
  day    = {28},
  month  = apr,
  url    = {https://1drv.ms/p/s!Aub-LzOy6dCvhOI5UL29Y8dLTJg9NQ?e=y8AdQw},
}

@Presentation{Moreland2021:ECP,
  author = {Kenneth Moreland},
  title  = {ECP Data Management, Data Analytics, and Visualization Overview: VTK-m},
  venue  = {ECP Annual Meeting},
  year   = {2021},
  day    = {30},
  month  = mar,
  url    = {https://1drv.ms/p/s!Aub-LzOy6dCvhNd8-zpGpI_RvP9K2Q?e=O4FLeV},
}

@Presentation{Moreland2021:ORNL,
  author = {Kenneth Moreland},
  title  = {A Winding Road to Exascale Visualization},
  venue  = {Oak Ridge National Laboratories},
  year   = {2021},
  day    = {2},
  month  = feb,
  url    = {https://1drv.ms/p/s!Aub-LzOy6dCvgwayV_oRUZSpPj4O?e=2pz9NN},
}

@Presentation{Moreland2020:DOECGFPV,
  author = {Kenneth Moreland},
  title  = {What's New in ParaView},
  venue  = {DOE Computer Graphics Forum},
  year   = {2020},
  day    = {28},
  month  = apr,
  url    = {https://1drv.ms/p/s!Aub-LzOy6dCvgXf-Zjdb2asJaFEQ?e=UA4gp1},
}

@Presentation{Moreland2020:DOECGFVTKm,
  author = {Kenneth Moreland},
  title  = {VTK-m Update},
  venue  = {DOE Computer Graphics Forum},
  year   = {2020},
  day    = {28},
  month  = apr,
  url    = {https://1drv.ms/p/s!Aub-LzOy6dCvgXjsYQsi3j1cEiIw?e=5hNRVn},
}

@Presentation{Moreland2020:ECP,
  author = {Kenneth Moreland},
  title  = {In Situ Visualization and Analysis with Ascent: Using VTK-m},
  venue  = {ECP Annual Meeting Tutorials},
  year   = {2020},
  day    = {4},
  month  = feb,
  url    = {https://1drv.ms/p/s!Aub-LzOy6dCvgXSr3iH-D3Qzbbxa?e=zIbGZ6},
}

@Presentation{Childs2019,
  author = {Hank Childs and Kenneth Moreland and David Pugmire and Robert Maynard},
  title  = {VTK-m -- A ToolKit for Scientific Visualization on Many-Core Processors},
  venue  = {IEEE VIS Tutorials},
  year   = {2019},
  month  = oct,
  url    = {https://1drv.ms/p/s!Aub-LzOy6dCvgXVJeRdNBnLJVRaw?e=rZC3N7},
}

@Presentation{Moreland2019:VisSandia,
  author      = {Kenneth Moreland},
  title       = {Vis Capabilities at Sandia},
  venue       = {Informal Review for 1540 Production Codes},
  year        = {2019},
  day         = {10},
  institution = {Sandia National Laboratories},
  month       = jun,
  url         = {https://1drv.ms/p/s!Aub-LzOy6dCvgWpybxhV7gFwqc1z},
}

@Presentation{Moreland2019:DOECGFPV,
  author = {Kenneth Moreland},
  title  = {What's New in ParaView},
  venue  = {DOE Computer Graphics Forum},
  year   = {2019},
  day    = {23},
  month  = apr,
  url    = {https://1drv.ms/p/s!Aub-LzOy6dCvgWe28YUPGXLEuFFj},
}

@Presentation{Moreland2019:DOECGFVTKm,
  author = {Kenneth Moreland},
  title  = {VTK-m Update},
  venue  = {DOE Computer Graphics Forum},
  year   = {2019},
  day    = {23},
  month  = apr,
  url    = {https://1drv.ms/p/s!Aub-LzOy6dCvgWkftgnO22XKEtz7},
}

@Presentation{Moreland2019:ECP,
  author = {Kenneth Moreland},
  title  = {In Situ Visualization and Analysis with Ascent: Using VTK-m},
  venue  = {ECP Annual Meeting Tutorials},
  year   = {2019},
  day    = {17},
  month  = jan,
  url    = {https://1drv.ms/p/s!Aub-LzOy6dCvgWvTEnJJwMAK9R-1},
}

@Presentation{Moreland2018:Plots,
  author      = {Kenneth Moreland},
  title       = {Building Better Plots},
  venue       = {CCR Summer Seminar Talks},
  year        = {2018},
  day         = {17},
  institution = {Sandia National Laboratories},
  month       = jul,
  slidesurl   = {https://1drv.ms/p/s!Aub-LzOy6dCvgWCH5w2yKBYD2LfR},
  url         = {https://www.drmoron.org/posts/better-plots/},
}

@Presentation{Moreland2018:Stuttgart,
  author = {Kenneth Moreland},
  title  = {A Brief History of Interactive Visualization},
  venue  = {University of Stuttgart Colloquium},
  year   = {2018},
  day    = {29},
  month  = jun,
  url    = {https://1drv.ms/p/s!Aub-LzOy6dCvgVNp0nxAkyxldjLo},
}

@Presentation{Moreland2018:ExPrep,
  author = {Kenneth Moreland},
  title  = {Preparations for Exascale Visualization at DOE},
  venue  = {ISC High Performance},
  year   = {2018},
  day    = {25},
  month  = jun,
  url    = {https://1drv.ms/p/s!Aub-LzOy6dCvgVVXlf6XlsXRGrIo},
}

@Presentation{Moreland2018:DOECGFPV,
  author = {Kenneth Moreland},
  title  = {What's New in ParaView},
  venue  = {DOE Computer Graphics Forum},
  year   = {2018},
  day    = {24},
  month  = apr,
  url    = {https://1drv.ms/p/s!Aub-LzOy6dCvgUYStCCuENhjLfLm},
}

@Presentation{Moreland2018:DOECGFVTKm,
  author = {Kenneth Moreland},
  title  = {VTK-m Update},
  venue  = {DOE Computer Graphics Forum},
  year   = {2018},
  day    = {24},
  month  = apr,
  url    = {https://1drv.ms/p/s!Aub-LzOy6dCvgUU2GaBXj4gVqFKr},
}

@Presentation{Moreland2018:InSitu,
  author = {Kenneth Moreland},
  title  = {The Difficulties and Indispensability of In Situ Visualization},
  venue  = {Applied Computer Science (ACS) Technical Exchange Meeting},
  year   = {2018},
  day    = {13},
  month  = feb,
  url    = {https://1drv.ms/p/s!Aub-LzOy6dCvgWZ6TXWVmYL1nJeK},
}

@Presentation{Moreland2017:SCBooth,
  author = {Kenneth Moreland},
  title  = {VTK-m: Visualization on Modern Processors},
  venue  = {Kitware Booth, SC17},
  year   = {2017},
  day    = {15},
  month  = nov,
  url    = {https://1drv.ms/p/s!Aub-LzOy6dCvgTjX2H8uGPDQHEG5},
}

@Presentation{Moreland2017:SCTut,
  author = {Kenneth Moreland and W. Alan Scott and David E. DeMarle and Joe Insley and John Patchett and Jon Woodring},
  title  = {Large Scale Visualization with ParaView},
  venue  = {Supercomputing Tutorials},
  year   = {2017},
  day    = {14},
  month  = nov,
  url    = {https://docs.paraview.org/en/latest/Tutorials/SelfDirectedTutorial/},
}

@Presentation{Moreland2017:InSituSNL,
  author      = {Kenneth Moreland},
  title       = {Why You \emph{Don't} Want to do In Situ Visualization, and Why You Have To},
  venue       = {Computational Science Seminar Series},
  year        = {2017},
  day         = {31},
  institution = {Sandia National Laboratories},
  month       = oct,
  url         = {https://1drv.ms/p/s!Aub-LzOy6dCvgTIbBVhpp53qkdJG},
}

@Presentation{Moreland2017:PNNL,
  author      = {Kenneth Moreland},
  title       = {High Performance Visualization in the Many-Core Era},
  venue       = {Computing@PNNL Seminar},
  year        = {2017},
  day         = {11},
  institution = {Pacific Northwest National Laboratory},
  month       = aug,
  url         = {https://1drv.ms/p/s!Aub-LzOy6dCvgS6A3GgQcv6cAfMw},
}

@Presentation{Moreland2017:InSituISC,
  author = {Kenneth Moreland},
  title  = {Why You \emph{Don't} Want to do In Situ Visualization, and Why You Have To},
  venue  = {ISC Workshop on In Situ Visualization},
  year   = {2017},
  day    = {22},
  month  = jun,
  url    = {https://1drv.ms/p/s!Aub-LzOy6dCvgSrKpbaOUHJlIoXp},
}

@Presentation{Moreland2017:ISCScale,
  author = {Kenneth Moreland},
  title  = {The Many Faces and Solutions of In Situ Visualization},
  venue  = {ISC Workshop on Visualization at Scale},
  year   = {2017},
  day    = {22},
  month  = jun,
  url    = {https://1drv.ms/p/s!Aub-LzOy6dCvgSmcXNUkd-uYtz_V},
}

@Presentation{Moreland2017:Plots,
  author      = {Kenneth Moreland},
  title       = {Building Better Plots},
  venue       = {Sandia Post-Doc Workshop},
  year        = {2017},
  day         = {20},
  institution = {Sandia National Laboratories},
  month       = feb,
  slidesurl   = {https://1drv.ms/p/s!Aub-LzOy6dCvgSDLfAVQJ0aKa3kA},
  url         = {https://www.drmoron.org/posts/better-plots/},
}

@Presentation{Moreland2016:SCTut,
  author = {Kenneth Moreland and W. Alan Scott and David E. DeMarle and Joe Insley and Jonathan Woodring and John Patchett},
  title  = {Large Scale Visualization with ParaView},
  venue  = {Supercomputing Tutorials},
  year   = {2016},
  day    = {14},
  month  = nov,
  url    = {https://docs.paraview.org/en/latest/Tutorials/SelfDirectedTutorial/},
}

@Presentation{Moreland2015:UltraVis,
  author = {Kenneth Moreland},
  title  = {VTK-m: Building a Visualization Toolkit for Massively Threaded Architectures},
  venue  = {Ultrascale Visualization Workshop},
  year   = {2015},
  day    = {17},
  month  = nov,
  url    = {https://1drv.ms/p/s!Aub-LzOy6dCvgRZuvouZjXXs9rra},
}

@Presentation{Moreland2015:SCTut,
  author = {Kenneth Moreland and W. Alan Scott and David DeMarle and Li-Ta Lo and Joseph Insley and Rich Cook},
  title  = {Large Scale Visualization with ParaView},
  venue  = {Supercomputing Tutorials},
  year   = {2015},
  day    = {15},
  month  = nov,
  url    = {https://docs.paraview.org/en/latest/Tutorials/SelfDirectedTutorial/},
}

@Presentation{Moreland2015:LANL,
  author = {Kenneth Moreland},
  title  = {High Performance Visualization in the Many-Core Era},
  venue  = {LANL Information Science and Technology Seminar Series},
  year   = {2015},
  day    = {1},
  month  = jul,
  url    = {https://1drv.ms/p/s!Aub-LzOy6dCvgRhJtXYaIG7lxKDV},
}

@Presentation{Moreland2014:Interactive,
  author = {Kenneth Moreland},
  title  = {Maintaining Interactivity in ParaView},
  venue  = {Kitware SC Booth},
  year   = {2014},
  day    = {19},
  month  = nov,
  url    = {https://1drv.ms/p/s!Aub-LzOy6dCvgROiE632MffXSkks},
}

@Presentation{Moreland2014:HPC,
  author = {Kenneth Moreland},
  title  = {HPC Processing in ParaView},
  venue  = {Kitware SC Booth},
  year   = {2014},
  day    = {18},
  month  = nov,
  url    = {https://1drv.ms/p/s!Aub-LzOy6dCvgRIhCUkEvPPnELrw},
}

@Presentation{Moreland2014:SCTut,
  author = {Kenneth Moreland and W. Alan Scott and David DeMarle and Li-Ta Lo and Joseph Insley and Robert Maynard},
  title  = {Large Scale Visualization with ParaView},
  venue  = {Supercomputing Tutorials},
  year   = {2014},
  day    = {16},
  month  = nov,
  url    = {https://docs.paraview.org/en/latest/Tutorials/SelfDirectedTutorial/},
}

@Presentation{Moreland2014:NERSC,
  author = {Kenneth Moreland},
  title  = {Using ParaView},
  venue  = {NERSC Joint Facilities User Forum on Data-Intensive Computing},
  year   = {2014},
  day    = {18},
  month  = jun,
  url    = {https://1drv.ms/p/s!Aub-LzOy6dCvgRDiUH4pC1XsqoIl},
}

@Presentation{Moreland2014:GTC,
  author = {Kenneth Moreland and Robert Maynard},
  title  = {Dax: A Massively Threaded Visualization and Analysis Toolkit for Extreme Scale},
  venue  = {GPU Technology Conference},
  year   = {2014},
  day    = {26},
  month  = mar,
  url    = {https://1drv.ms/p/c/afd0e9b2332ffee6/EWBT8YDJuPBJhpvfDgwuNgsBICw49bhNnZGXdmdbbkNhyg?e=mXGjj1},
}

@Presentation{Moreland2014:SIAM,
  author = {Kenneth Moreland and Ron Oldfield and Nathan Fabian and Berk Geveci and Andrew Bauer and David Lonie},
  title  = {Approaching Production In Situ Visualization for Extreme Scale Analysis},
  venue  = {16th SIAM Conference on Parallel Processing for Scientific Computing},
  year   = {2014},
  day    = {21},
  month  = feb,
  url    = {https://1drv.ms/p/s!Aub-LzOy6dCvgRshoMQ-rdaKzCwn},
}

@Presentation{Moreland2014:UO,
  author = {Kenneth Moreland},
  title  = {15 Years of Large-Scale Scientific Visualization},
  venue  = {University of Oregon Colloquium},
  year   = {2014},
  day    = {23},
  month  = jan,
  url    = {https://1drv.ms/p/s!Aub-LzOy6dCvgRk5dLE4--BMTEpX},
}

@Presentation{Moreland2014:Color,
  author  = {Kenneth Moreland},
  title   = {Using Color in Your Diagrams and Presentations},
  venue   = {Sandia Center 2700 Lunch and Learn Program},
  year    = {2014},
  homeurl = {/documents/UsingColor.pptx},
}

@Presentation{Moreland2013:SCPV,
  author = {Kenneth Moreland and W. Alan Scott and David DeMarle and Li-Ta Lo},
  title  = {Large Scale Visualization with ParaView},
  venue  = {Supercomputing Tutorials},
  year   = {2013},
  day    = {17},
  month  = nov,
  url    = {https://docs.paraview.org/en/latest/Tutorials/SelfDirectedTutorial/},
}

@Presentation{Moreland2012:SCPV,
  author = {Kenneth Moreland and W. Alan Scott and Nathan Fabian and Utkarsh Ayachit and Robert Maynard},
  title  = {Large Scale Visualization with ParaView},
  venue  = {Supercomputing Tutorial},
  year   = {2012},
  month  = nov,
  url    = {https://docs.paraview.org/en/latest/Tutorials/SelfDirectedTutorial/},
}

@Presentation{Moreland2012:SIAM,
  author  = {Kenneth Moreland and Nathan Fabian and Berk Geveci and Utkarsh Ayachit and James Ahrens},
  title   = {Next-Generation Capabilities for Large-Scale Scientific Visualization},
  venue   = {15th SIAM Conference on Parallel Processing for Scientific Computing},
  year    = {2012},
  day     = {15},
  month   = feb,
  homeurl = {/documents/SIAM-PP12-smaller.pptx},
}

@Presentation{Moreland2011:UltraVis,
  author  = {Kenneth Moreland and Nathan Fabian and Scott Klasky and Berk Geveci},
  title   = {Flexible In Situ with ParaView},
  venue   = {Workshop on Ultrascale Visualization},
  year    = {2011},
  day     = {13},
  month   = nov,
  homeurl = {/documents/FlexibleInSitu.pptx},
}

@Presentation{Moreland2011:SCPV,
  author = {Kenneth Moreland and W. Alan Scott and Nathan Fabian and Jeffrey Mauldin and Andrew C. Bauer and Robert Maynard and Scott Klasky},
  title  = {Large Scale Visualization with ParaView},
  venue  = {Supercomputing Tutorials},
  year   = {2011},
  month  = nov,
  url    = {https://docs.paraview.org/en/latest/Tutorials/SelfDirectedTutorial/},
}

@Presentation{Moreland2011:ICCE,
  author  = {Kenneth Moreland},
  title   = {Large-Scale Interactive Visualization with ParaView},
  venue   = {2nd International Conference on Computational Engineering},
  year    = {2011},
  day     = {6},
  month   = oct,
  homeurl = {/documents/ICCE2011InteractiveParaview.pptx},
}

@Presentation{Moreland2011:SciDAC,
  author = {Kenneth Moreland},
  title  = {Large Scale Visualization with ParaView},
  venue  = {SciDAC Tutorials},
  year   = {2011},
  month  = jul,
  url    = {https://docs.paraview.org/en/latest/Tutorials/SelfDirectedTutorial/},
}

@Presentation{Moreland2010:SCInSitu,
  author = {Kenneth Moreland and Andrew Bauer and Pat Marion and Nathan Fabian},
  title  = {In-Situ Visualization with the ParaView Coprocessing Library},
  venue  = {Supercomputing Tutorials},
  year   = {2010},
  month  = nov,
}

@Presentation{Moreland2010:SciDAC,
  author = {Kenneth Moreland and Andrew Bauer},
  title  = {Large Scale Visualization with ParaView},
  venue  = {SciDAC Tutorials},
  year   = {2010},
  month  = jul,
  url    = {https://docs.paraview.org/en/latest/Tutorials/SelfDirectedTutorial/},
}

@Presentation{Moreland2009:SCPV,
  author = {Kenneth Moreland and John Greenfield and W. Alan Scott and Utkarsh Ayachit and Berk Geveci},
  title  = {Large Scale Visualization with ParaView},
  venue  = {Supercomputing Tutorials},
  year   = {2009},
  month  = nov,
  url    = {https://docs.paraview.org/en/latest/Tutorials/SelfDirectedTutorial/},
}

@Presentation{Moreland2009:Cluster,
  author = {Kenenth Moreland and David DeMarle},
  title  = {Parallel Distributed-Memory Visualization with ParaView},
  venue  = {IEEE Cluster Tutorials},
  year   = {2009},
  month  = aug,
}

@Presentation{Moreland2008:SCPV,
  author = {Kenneth Moreland and John Greenfield and W. Alan Scott and Utkarsh Ayachit and Berk Geveci and David DeMarle},
  title  = {Large Scale Visualization with ParaView},
  venue  = {Supercomputing Tutorials},
  year   = {2008},
  month  = nov,
  url    = {https://docs.paraview.org/en/latest/Tutorials/SelfDirectedTutorial/},
}

@Presentation{Moreland2008:VisTut,
  author = {Kenneth Moreland and Utkarsh Ayachit and Timothy Shead and John Biddiscombe and David Thompson},
  title  = {Advanced ParaView Visualization},
  venue  = {IEEE Visualization Tutorials},
  year   = {2008},
  month  = oct,
}

@Presentation{Moreland2007:SCPV,
  author = {Kenneth Moreland and John Greenfield},
  title  = {Large Scale Visualization with ParaView 3},
  venue  = {Supercomputing Tutorials},
  year   = {2007},
  month  = nov,
  url    = {https://docs.paraview.org/en/latest/Tutorials/SelfDirectedTutorial/},
}

@Presentation{Moreland2005:SCPV,
  author  = {Kenneth Moreland and Berk Geveci},
  title   = {Parallel Visualization with ParaView},
  venue   = {Supercomputing Tutorials},
  year    = {2005},
  month   = nov,
  homeurl = {/pv-tutorial-sc05/},
}

@Presentation{Moreland2004:LCIW,
  author  = {Kenneth Moreland},
  title   = {Large Scale Visualization with Cluster Computing},
  venue   = {Linux Cluster Institute Workshop},
  year    = {2004},
  day     = {1},
  month   = oct,
  homeurl = {/documents/LCI_Workshop04.ppt},
}

@Presentation{Moreland2002:UNM,
  author = {Kenneth Moreland},
  title  = {Big Data, Big Displays, and Cluster-Driven Interactive Visualization},
  venue  = {University of New Mexico Colloquium},
  year   = {2002},
  month  = nov,
  url    = {https://www.kennethmoreland.com/documents/VisWorkshop02.ppt},
}

@Presentation{Moreland2002:CBVC,
  author  = {Kenneth Moreland},
  title   = {Big Data, Big Displays, and Cluster-Driven Interactive Visualization},
  venue   = {Workshop on Commodity-Based Visualization Clusters},
  year    = {2002},
  day     = {27},
  month   = oct,
  homeurl = {/documents/VisWorkshop02.ppt},
}

@Comment{jabref-meta: databaseType:bibtex;}

@Comment{jabref-meta: saveOrderConfig:specified;year;true;month;true;day;true;author;false;}

@Comment{jabref-entrytype: presentation: req[author;title;venue;year] opt[day;month;note;VideoURL;institution;SlidesURL]}
